<?xml version="1.0" encoding="UTF-8"?><collection xmlns="http://www.loc.gov/MARC21/slim"><record><leader>00461nam--2200181-i-4500</leader><controlfield tag="001">000003168</controlfield><controlfield tag="002">20161230</controlfield><controlfield tag="005">20161230201025</controlfield><controlfield tag="008">060222s1000------------r-----000-0-eng-d</controlfield><datafield ind1=" " ind2=" " tag="040"><subfield code="a">IFIN-HH</subfield></datafield><datafield ind1=" " ind2=" " tag="080"><subfield code="a">801.323.2=30=40</subfield></datafield><datafield ind1="1" ind2=" " tag="100"><subfield code="a">Bertaux,F</subfield></datafield><datafield ind1="1" ind2="0" tag="245"><subfield code="a">Dictionnaire allemand francais</subfield><subfield code="c">F. betraux, e. lepointe</subfield></datafield><datafield ind1=" " ind2=" " tag="260"><subfield code="a">Paris</subfield><subfield code="b">Hachette</subfield><subfield code="c">1941</subfield></datafield><datafield ind1=" " ind2=" " tag="300"><subfield code="a">IV + 1442 P</subfield></datafield><datafield ind1="1" ind2=" " tag="700"><subfield code="a">Lepointe, E</subfield></datafield><datafield ind1=" " ind2=" " tag="852"><subfield code="a">D.70</subfield><subfield code="c">SLF</subfield></datafield><datafield ind1=" " ind2=" " tag="CAT"><subfield code="a">Sys</subfield><subfield code="c">20130207</subfield><subfield code="h">100143</subfield></datafield></record></collection>